<record><leader>00000cas a2200000 a 4500</leader><controlfield tag="001">36481874</controlfield><controlfield tag="008">970304d19131927miudn n       0    0eng c</controlfield><datafield ind1=" " ind2=" " tag="010"><subfield code="a">sn 97063182 </subfield></datafield><datafield ind1=" " ind2=" " tag="040"><subfield code="a">MHN</subfield><subfield code="b">eng</subfield><subfield code="c">MHN</subfield><subfield code="d">OCL</subfield><subfield code="d">OCLCQ</subfield><subfield code="d">OCLCF</subfield><subfield code="d">OCLCO</subfield></datafield><datafield ind1="1" ind2=" " tag="029"><subfield code="a">AU@</subfield><subfield code="b">000013136972</subfield></datafield><datafield ind1=" " ind2=" " tag="042"><subfield code="a">pcc</subfield></datafield><datafield ind1=" " ind2=" " tag="043"><subfield code="a">n-us-mi</subfield></datafield><datafield ind1="0" ind2="0" tag="245"><subfield code="a">Daily Ypsilantian-press.</subfield></datafield><datafield ind1=" " ind2=" " tag="260"><subfield code="a">Ypsilanti, Mich. :</subfield><subfield code="b">Ypsilanti Daily Press</subfield></datafield><datafield ind1=" " ind2=" " tag="300"><subfield code="a">v.</subfield></datafield><datafield ind1=" " ind2=" " tag="310"><subfield code="a">Daily (except Sun.)</subfield></datafield><datafield ind1="0" ind2=" " tag="362"><subfield code="a">Vol. 10, no. 150 (Jan. 2, 1912 [i.e. 1913])-v. 24, no. 255 (Dec. 31, 1927).</subfield></datafield><datafield ind1=" " ind2=" " tag="500"><subfield code="a">Issue called: Special Chautauqua Ed., July 25, 1913.</subfield></datafield><datafield ind1=" " ind2=" " tag="580"><subfield code="a">Formed by the union of: Ypsilantian, and: Ypsilanti daily press (Ypsilanti, Mich. : 1905).</subfield></datafield><datafield ind1=" " ind2="0" tag="651"><subfield code="a">Ypsilanti (Mich.)</subfield><subfield code="v">Newspapers.</subfield></datafield><datafield ind1=" " ind2="0" tag="651"><subfield code="a">Washtenaw County (Mich.)</subfield><subfield code="v">Newspapers.</subfield></datafield><datafield ind1=" " ind2="7" tag="655"><subfield code="a">Newspapers.</subfield><subfield code="2">fast</subfield><subfield code="0">(OCoLC)fst01423814</subfield></datafield><datafield ind1=" " ind2="7" tag="651"><subfield code="a">Michigan</subfield><subfield code="z">Washtenaw County.</subfield><subfield code="2">fast</subfield><subfield code="0">(OCoLC)fst01214739</subfield></datafield><datafield ind1=" " ind2="7" tag="651"><subfield code="a">Michigan</subfield><subfield code="z">Ypsilanti.</subfield><subfield code="2">fast</subfield><subfield code="0">(OCoLC)fst01207443</subfield></datafield><datafield ind1=" " ind2=" " tag="752"><subfield code="a">United States</subfield><subfield code="b">Michigan</subfield><subfield code="c">Washtenaw</subfield><subfield code="d">Ypsilanti.</subfield></datafield><datafield ind1="1" ind2="4" tag="780"><subfield code="t">Ypsilantian</subfield><subfield code="w">(DLC)sn 97070679</subfield><subfield code="w">(OCoLC)38170801</subfield></datafield><datafield ind1="1" ind2="4" tag="780"><subfield code="t">Ypsilanti daily press (Ypsilanti, Mich. : 1905)</subfield><subfield code="w">(DLC)sn 97063181</subfield><subfield code="w">(OCoLC)36481489</subfield></datafield><datafield ind1="0" ind2="0" tag="785"><subfield code="t">Ypsilanti daily press (Ypsilanti, Mich. : 1928)</subfield><subfield code="w">(DLC)sn 97063183</subfield><subfield code="w">(OCoLC)36505823</subfield></datafield></record>